@BOOK{Smith:2012qr,
   title = {Chemistry},
   publisher = {Publisher},
   author = {Smith, J.~M. and Jones, A.~B.},
   year = {2012},
   edition = {7th},
}
@techreport{stm32ref,
	pages = {416},
	publisher = {STMicroelectronics},
	title = {{RM0090 Reference manual STM32F405/415, STM32F407/417, STM32F427/437 and STM32F429/439 advanced ARM{\textregistered}-based 32-bit MCUs}},
	url = {http://www.st.com/content/ccc/resource/technical/document/reference{\_}manual/3d/6d/5a/66/b4/99/40/d4/DM00031020.pdf/files/DM00031020.pdf/jcr:content/translations/en.DM00031020.pdf}
}
